<?xml version="1.0" encoding="UTF-8"?><collection xmlns="http://www.loc.gov/MARC21/slim"><record><leader>00585nam--2200193-i-4500</leader><controlfield tag="001">000032095</controlfield><controlfield tag="002">20161230</controlfield><controlfield tag="005">20161230201039</controlfield><controlfield tag="008">060222s1000------------r-----000-0-eng-d</controlfield><datafield ind1=" " ind2=" " tag="020"><subfield code="a">0080178197</subfield></datafield><datafield ind1=" " ind2=" " tag="040"><subfield code="a">IFIN-HH</subfield></datafield><datafield ind1=" " ind2=" " tag="080"><subfield code="a">539.1.001.1</subfield></datafield><datafield ind1="1" ind2=" " tag="100"><subfield code="a">March, N.H</subfield></datafield><datafield ind1="1" ind2="0" tag="245"><subfield code="a">Self-consistent fields in atoms</subfield><subfield code="b">Hartree and thomas-fermi atoms</subfield><subfield code="c">N.h. march</subfield></datafield><datafield ind1=" " ind2=" " tag="260"><subfield code="a">Oxford</subfield><subfield code="b">Pergamon Press</subfield><subfield code="c">1975</subfield></datafield><datafield ind1=" " ind2=" " tag="300"><subfield code="a">IX + 233P</subfield></datafield><datafield ind1=" " ind2=" " tag="490"><subfield code="a">Pergamon International Library Of Science, Technology, Engineering And Social Studies</subfield></datafield><datafield ind1=" " ind2=" " tag="852"><subfield code="a">45297</subfield><subfield code="c">539</subfield></datafield><datafield ind1=" " ind2=" " tag="CAT"><subfield code="a">Sys</subfield><subfield code="c">20111011</subfield><subfield code="h">123026</subfield></datafield></record></collection>